@article{Yeh2009TheCO,
  title = {The comparisons of data mining techniques for the predictive accuracy
           of probability of default of credit card clients},
  author = {I-Cheng Yeh and Che-hui Lien},
  journal = {Expert Syst. Appl.},
  year = {2009},
  volume = {36},
  pages = {2473-2480},
  url = {https://api.semanticscholar.org/CorpusID:15696161},
}

@misc{default_of_credit_card_clients_350,
  author = {Yeh, I-Cheng},
  title = {{Default of Credit Card Clients}},
  year = {2009},
  howpublished = {UCI Machine Learning Repository},
  note = {{DOI}: https://doi.org/10.24432/C55S3H},
}

@article{scikit-learn,
  title = {Scikit-learn: Machine Learning in {P}ython},
  author = {Pedregosa, F. and Varoquaux, G. and Gramfort, A. and Michel, V. and
            Thirion, B. and Grisel, O. and Blondel, M. and Prettenhofer, P. and
            Weiss, R. and Dubourg, V. and Vanderplas, J. and Passos, A. and
            Cournapeau, D. and Brucher, M. and Perrot, M. and Duchesnay, E.},
  journal = {Journal of Machine Learning Research},
  volume = {12},
  pages = {2825--2830},
  year = {2011},
}

@inproceedings{sklearn_api,
  author = {Lars Buitinck and Gilles Louppe and Mathieu Blondel and Fabian
            Pedregosa and Andreas Mueller and Olivier Grisel and Vlad Niculae and
            Peter Prettenhofer and Alexandre Gramfort and Jaques Grobler and
            Robert Layton and Jake VanderPlas and Arnaud Joly and Brian Holt and
            Ga{\"{e}}l Varoquaux},
  title = {{API} design for machine learning software: experiences from the
           scikit-learn project},
  booktitle = {ECML PKDD Workshop: Languages for Data Mining and Machine
               Learning},
  year = {2013},
  pages = {108--122},
}

@software{pandas2020,
  author = {The pandas development team},
  title = {pandas-dev/pandas: Pandas},
  month = feb,
  year = 2020,
  publisher = {Zenodo},
  version = {latest},
  doi = {10.5281/zenodo.3509134},
  url = {https://doi.org/10.5281/zenodo.3509134},
}

@inproceedings{pandas2010,
  author = { {W}es {M}c{K}inney },
  title = { {D}ata {S}tructures for {S}tatistical {C}omputing in {P}ython },
  booktitle = { {P}roceedings of the 9th {P}ython in {S}cience {C}onference },
  pages = { 56 - 61 },
  year = { 2010 },
  editor = { {S}t\'efan van der {W}alt and {J}arrod {M}illman },
  doi = { 10.25080/Majora-92bf1922-00a },
}

@article{seaborn,
  doi = {10.21105/joss.03021},
  url = {https://doi.org/10.21105/joss.03021},
  year = {2021},
  publisher = {The Open Journal},
  volume = {6},
  number = {60},
  pages = {3021},
  author = {Michael L. Waskom},
  title = {seaborn: statistical data visualization},
  journal = {Journal of Open Source Software},
}

@article{matplotlib,
  Author = {Hunter, J. D.},
  Title = {Matplotlib: A 2D graphics environment},
  Journal = {Computing in Science \& Engineering},
  Volume = {9},
  Number = {3},
  Pages = {90--95},
  abstract = {Matplotlib is a 2D graphics package used for Python for
              application development, interactive scripting, and
              publication-quality image generation across user interfaces and
              operating systems.},
  publisher = {IEEE COMPUTER SOC},
  doi = {10.1109/MCSE.2007.55},
  year = 2007,
}

@article{numpy,
  title = {Array programming with {NumPy}},
  author = {Charles R. Harris and K. Jarrod Millman and St{\'{e}}fan J. van der
            Walt and Ralf Gommers and Pauli Virtanen and David Cournapeau and
            Eric Wieser and Julian Taylor and Sebastian Berg and Nathaniel J.
            Smith and Robert Kern and Matti Picus and Stephan Hoyer and Marten H.
            van Kerkwijk and Matthew Brett and Allan Haldane and Jaime Fern{\'{a}
            }ndez del R{\'{i}}o and Mark Wiebe and Pearu Peterson and Pierre G{\'
            {e}}rard-Marchant and Kevin Sheppard and Tyler Reddy and Warren
            Weckesser and Hameer Abbasi and Christoph Gohlke and Travis E.
            Oliphant},
  year = {2020},
  month = sep,
  journal = {Nature},
  volume = {585},
  number = {7825},
  pages = {357--362},
  doi = {10.1038/s41586-020-2649-2},
  publisher = {Springer Science and Business Media {LLC}},
  url = {https://doi.org/10.1038/s41586-020-2649-2},
}

@article{imblearn,
  author = {Guillaume Lema{{\^i}}tre and Fernando Nogueira and Christos K.
            Aridas},
  title = {Imbalanced-learn: A Python Toolbox to Tackle the Curse of Imbalanced
           Datasets in Machine Learning},
  journal = {Journal of Machine Learning Research},
  year = {2017},
  volume = {18},
  number = {17},
  pages = {1-5},
  url = {http://jmlr.org/papers/v18/16-365.html},
}
